@book{smith_low-rise_1964,
    address = {Berkeley},
    title = {The low-rise speculative apartment},
    language = {eng},
    publisher = {Center for Real Estate and Urban Economics, Institute of Urban and Regional Development, University of California},
    author = {Smith, Wallace Francis and Bertha, Brian A. and Hedlund, Donol and Ricks, Bruce and Aurbach, Lawrence and Philips, William},
    year = {1964},
    note = {Open Library ID: OL5965966M},
    keywords = {Apartment houses -- California -- San Francisco Bay Area -- Case studies.},
}